1760 2983
359 207 402 250 post
420 205 497 241 Pascha.
743 206 786 250 307

62 327 226 372 Afflictissmrus
244 329 305 381 alter,
317 329 378 384 quod
388 328 456 372 fidem
466 330 506 372 tihi
516 329 612 384 fregerit,
624 342 681 386 opus
690 330 790 374 habebat

64 390 135 446 gratia
146 392 168 433 et
184 390 265 434 solatio
276 390 381 444 sensibili,
393 391 454 447 quod
463 392 570 447 prostrati
580 392 680 435 summm
696 392 790 447 erigeret

63 454 194 508 certumque
210 452 315 496 redderet
332 452 359 496 de
375 455 415 496 tua
425 466 478 508 erga
488 453 712 502 eumberreuolentia.
729 454 789 497 Eari-

63 514 115 556 dem
137 514 231 567 gratiam
252 528 294 556 uec
315 513 386 556 Judae
411 514 520 568 proditori
546 516 687 570 denegasses,
714 516 738 568 si,
765 518 790 558 ut

62 575 149 626 Petrus,
167 574 276 618 sinceram
292 575 373 629 egisset
388 576 556 629 poeniteutiam,
580 578 687 631 tuamque
710 577 789 619 coufu-

64 635 131 690 gisset
148 635 176 678 ad
193 635 339 678 clementiam.
356 635 392 679 Ad
407 636 472 689 hanc,
489 636 543 679 dum
558 637 640 690 vixero,
663 638 789 694 confugere,

64 711 77 741 o
93 697 153 750 Jesu,
170 697 237 740 unica
253 699 287 740 est
302 698 501 748 mea-consolatio.
517 698 581 742 Hanc
602 698 709 743 contiuua
728 714 790 756 spem

64 761 87 802 et
102 758 217 802 fiduciam:
241 759 282 811 iac,
302 762 328 802 ut
346 760 425 808 millies
441 759 513 803 vitam
525 760 593 815 prius⁷
617 774 684 815 quam
700 761 735 804 rel
750 774 791 816 per

65 823 205 862 momentum
224 820 310 862 firmam
329 821 351 862 in
371 825 410 863 tua
429 821 584 863 misericordia
600 834 662 876 spem
683 822 790 864 arriittam.

343 1054 443 1104 Feria
462 1054 515 1105 Vl.
555 1076 557 1078 ·

171 1161 272 1207 Christus
289 1161 385 1222 apparet
402 1161 519 1221 discipulis
536 1160 685 1221 piscantibus.

353 1234 401 1270 (toan.
412 1237 435 1270 21,
446 1238 459 1264 2,
470 1237 501 1271 sq.)

366 1320 469 1360 emeruit
481 1320 496 1360 l.

125 1400 200 1442 Erarrt
215 1400 286 1441 simul
301 1398 382 1441 Struou
392 1393 475 1440 Petrus
491 1400 511 1440 et
522 1398 541 1440 T
540 1399 622 1440 lecuras
632 1411 682 1441 cum
693 1398 792 1453 utrinque

66 1460 113 1503 aliis
124 1463 146 1502 et
156 1460 257 1503 exierunt
266 1459 387 1513 piscatum:
405 1461 428 1501 at
434 1460 477 1501 illu
483 1462 546 1501 crocle
552 1460 611 1501 uilril
618 1461 791 1514 prerediderrurt.

127 1533 230 1587 Mysterio
247 1544 293 1573 uon
310 1533 376 1584 caret,
395 1531 457 1586 quod
472 1532 515 1573 ista
532 1532 553 1573 et
570 1531 690 1583 aliarrocte,
708 1532 736 1574 de
747 1543 793 1586 qim

67 1594 89 1638 S.
108 1594 187 1646 Lucas,
210 1592 370 1649 Apostolorum
393 1592 486 1648 piscatio
508 1593 567 1637 male
592 1593 730 1636 successerit.
756 1594 792 1636 lu-

67 1657 168 1698 siuuatur
190 1655 255 1698 uobis
279 1656 299 1697 l.
322 1655 391 1709 quod,
408 1667 466 1708 cum
486 1657 540 1697 ante
563 1655 644 1697 Christi
664 1654 791 1705 adrentum¹

68 1716 106 1771 qui
122 1718 156 1759 est
164 1728 231 1758 uerus
247 1717 281 1757 sol
290 1715 404 1770 justitae,
415 1727 461 1758 nou
471 1714 513 1758 uisi
522 1717 601 1758 leuues
612 1714 699 1759 divinae
710 1714 792 1771 gratiae

66 1777 123 1822 radii
132 1777 282 1834 piscatoribus
289 1777 414 1821 animarum
421 1777 545 1821 affulseriut
560 1777 692 1833 plerumque
699 1777 792 1832 piscatio

67 1840 125 1883 male
144 1840 282 1883 successerit.
306 1839 326 1882 2.
344 1839 411 1891 Quod
434 1840 458 1881 iu
479 1843 542 1881 ueste
564 1852 605 1882 seu
627 1841 686 1882 statu
707 1840 794 1894 peccati

67 1901 166 1945 mortalis
183 1902 265 1944 frustra
280 1901 408 1944 laboremus
425 1901 513 1943 coelum
529 1900 614 1948 mereri.
632 1901 652 1944 3.
670 1900 737 1952 Quod
753 1901 793 1943 viri

68 1963 135 2005 etiam
161 1962 267 2017 aptissimi
292 1962 405 2005 incassum
422 1961 451 2004 ad
474 1961 597 2004 animarum
626 1962 795 2004 conversionem

69 2024 116 2067 sine
133 2023 216 2067 auxilio
234 2026 255 2066 et
270 2023 427 2067 benedictione
450 2022 490 2072 Dei
506 2036 571 2066 suam
585 2023 681 2079 iungant
695 2036 793 2079 operam.

128 2098 218 2149 Viribus
235 2098 286 2141 suis
298 2111 323 2141 ac
339 2097 463 2141 industriae
479 2111 534 2140 suae
549 2097 619 2149 inuiti,
631 2098 676 2140 sive
686 2098 709 2140 in
719 2097 794 2140 studio

67 2160 188 2211 uirtutum„
200 2160 246 2202 sive
262 2159 285 2207 in
300 2172 393 2201 rrrunere
410 2158 540 2214 apostolico,
557 2158 617 2200 idem
634 2160 674 2209 est,
695 2171 721 2200 ac
736 2160 793 2205 tem·

68 2233 117 2276 pus,
135 2220 210 2263 oleum
226 2233 252 2263 ac
269 2219 481 2275 operam-perdere3
498 2232 550 2262 nam
565 2232 636 2274 ireque
651 2220 691 2273 qui
704 2220 796 2275 pluriter

52 2336 53 2339 Ἰ
69 2285 101 2326 est
116 2282 212 2338 aliquid,
228 2294 299 2337 deque
314 2282 438 2338 quirigat,
455 2283 501 2334 sed,
512 2280 552 2337 prii
567 2283 732 2331 decrementum
748 2283 794 2334 dot

69 2345 132 2390 Deus
148 2344 172 2401 (lv
190 2345 241 2388 Gor.
258 2344 279 2395 3,
296 2343 335 2400 ll:
354 2346 379 2387 ut
396 2344 453 2387 adeo
464 2344 555 2398 ‘optima
572 2343 696 2395 Christiani,
713 2345 738 2386 ut
750 2344 795 2386 vir-

69 2408 134 2449 tutes,
145 2406 252 2462 acquirat,
270 2407 292 2448 et
307 2404 404 2460 religiosi
425 2405 533 2457 hominis„
548 2407 573 2447 ut
589 2405 673 2447 animas
690 2404 794 2455 lucretuu

70 2466 186 2521 dispositio
209 2466 237 2510 sit
258 2480 341 2521 magna
362 2465 481 2516 humilitas,
504 2465 527 2508 111
548 2465 590 2508 illis
616 2465 696 2508 Christi
720 2464 795 2508 uerbis

69 2528 173 2571 t'uudata:
196 2527 250 2570 Siue
272 2541 308 2570 rue
329 2529 387 2570 rrilril
403 2528 498 2582 potestis
513 2528 602 2582 fecere.
624 2525 694 2581 [loun.
713 2525 747 2577 15,
765 2524 795 2583 5.)

129 2600 181 2644 Hoc
210 2601 284 2657 ipsum
307 2614 412 2656 agnosco,
438 2601 539 2653 Domine,
565 2600 656 2644 firmiter
681 2600 747 2644 credo
775 2603 797 2644 et

69 2663 151 2717 palam.
163 2663 226 2706 coelo
243 2665 271 2705 et
281 2665 345 2705 terra
357 2662 474 2706 confiteor:
492 2662 539 2705 sine
555 2664 578 2704 te
594 2662 648 2704 uihil
667 2669 795 2718 possumus.

70 2723 186 2781 Equidem
195 2725 235 2767 tua
251 2723 416 2768 destimulans
434 2727 461 2768 ct
472 2724 551 2780 gratia
560 2737 681 2779 possumus
697 2722 719 2767 in
731 2730 797 2767 'mare

722 2796 757 2832 20*
