1760 2983
359 221 402 265 post
417 219 493 255 Pascha.
745 218 788 263 305

65 346 160 388 etinter
175 348 246 388 4444444
246 346 279 387 4444
281 348 325 387 44444
342 344 416 398 4444444,
437 344 547 388 4444444444
568 344 629 387 nihii.
652 343 714 386 Haee
737 346 788 387 sunt

66 407 111 451 duo
128 409 264 459 4444444,
244 406 273 450 444
293 421 425 463 4444444444
411 389 513 450 4444444444
528 406 606 464 major
627 406 789 461 Apostolorum

64 483 116 524 pars
133 470 239 524 prolapsa
256 471 296 521 444,
318 482 410 524 proe
383 469 410 511 de
411 469 477 511 44444
478 469 528 512 44444
550 469 680 512 habentium
700 470 789 511 sanctes

64 530 175 600 mutieres
199 543 257 585 quae
279 531 355 572 444444
377 529 455 572 44’4444
449 529 502 585 ipsis
519 530 576 573 refer
578 530 652 581 444444,
668 530 711 572 4444
727 529 789 585 quod

65 591 160 661 propriis
183 594 348 647 usurpaverant
369 592 447 644 oeulis,
470 591 585 696 majorem
600 591 692 635 meritae
713 590 787 643 iidem,

65 653 118 722 quie
134 656 278 697 assernerunt
292 668 340 709 4444
323 654 422 697 sterium
431 656 541 697 resurrect
542 653 631 707 4444444
617 653 678 707 quod
689 653 761 696 Christ
762 667 789 695 us

64 715 190 770 ipsemetr
175 715 233 758 freti
195 728 268 771 4444444
259 717 303 758 iter
316 715 363 771 jam
379 728 402 770 pr
395 714 526 758 4”4444444444·
546 714 670 758 Petruset
662 714 788 757 tJoannes

64 789 176 829 nequer
153 777 218 818 nimis
235 777 319 818 creduli
335 778 404 826 erant,
421 790 495 844 neque
512 777 601 818 omnino
617 776 731 826 inereduli,
749 776 789 817 sed
804 815 807 820 .

64 836 172 880 444444444
188 836 289 892 4444444444
282 850 338 889 44444,
356 809 410 892 quid
425 836 456 880 rei
473 835 544 886 subsit
528 837 639 892 4,4444444
639 835 680 879 uri.

124 911 174 955 Anii
173 924 205 954 444
221 913 280 955 444444
299 911 367 955 444444
360 925 410 955 4444
426 910 506 954 4444444444
517 910 618 966 4444444444
628 909 727 954 medum
737 924 789 954 vere

65 973 202 1016 credentium
218 976 294 1016 tenere
311 976 366 1025 44,(
357 973 410 1029 quin
426 973 512 1016 incensi
507 973 611 1016 ’4444444Ι
606 987 629 1016 444
646 972 789 1016 4444444444444

65 1034 221 1076 444444444444444
236 1034 407 1088 imaginationes
424 1036 446 1076 et
461 1034 591 1089 phantasias
601 1034 732 1086 incidamus,
743 1036 789 1076 4444

63 1095 270 1151 praesumptionem
287 1109 412 1148 4444444444,
431 1109 455 1151 444
453 1109 498 1139 44444
511 1095 659 1139 temeritatem
669 1095 789 1151 spernendi

64 1171 135 1211 44444,
191 1157 304 1201 444444444
327 1172 380 1202 suos
402 1158 461 1221 44444,
486 1158 618 1213 gratiesis
586 1172 618 1201 vis
620 1158 703 1201 44,(4444
720 1158 788 1209 Η444,

64 1172 173 1274 iflnquan
186 1233 311 1271 4444444444,
333 1233 445 1263 memores
468 1233 539 1275 aeque
564 1220 715 1288 periculosum
741 1233 789 1262 esse

64 1293 105 1334 pro
122 1280 272 1322 ehirnaeraet
263 1281 368 1323 tmentis
383 1280 444 1323 4444444
446 1281 652 1323 ohahererevetat'
624 1281 789 1323 4444444444444

65 1341 187 1394 fundatam,
206 1355 231 1384 44
247 1356 288 1396 pro
298 1355 351 1384 vera
360 1341 496 1385 revetatione
507 1342 607 1385 delirium
618 1341 788 1396 imaginationis.

87 1422 89 1424 '
125 1414 160 1457 Tu
183 1408 244 1457 solus
266 1417 338 1485 potes,
362 1415 497 1458 divinissime
520 1415 621 1469 Spiritus,
646 1417 711 1457 tuurn
736 1415 789 1458 mihi

64 1475 139 1519 4444444
162 1478 227 1531 etgr
206 1476 276 1519 44444
255 1489 329 1520 4444
315 1476 410 1532 inrirpetr
409 1490 492 1520 4444
489 1490 520 1519 44
540 1476 620 1519 discen
620 1475 788 1520 rendiafatso

64 1536 115 1580 Non
131 1538 204 1581 minus
206 1509 301 1581 Fjaverte
325 1553 337 1582 a
348 1549 394 1582 444
417 1539 523 1582 credulita
511 1540 597 1581 444444
590 1538 731 1581 iiiusionihus
748 1540 788 1581 oh-

64 1599 160 1650 44444444,
178 1612 245 1666 quam
259 1599 336 1653 judieii
351 1613 391 1653 per
393 1600 503 1651 4444444444,
520 1600 609 1653 superbi
603 1612 638 1640 rae
656 1599 731 1640 titiam
754 1599 789 1641 Tu

64 1671 124 1710 vero,
141 1659 234 1714 magise
193 1660 246 1702 44444
262 1659 335 1703 divine
351 1660 403 1702 Jesu
421 1660 513 1712 Christe,
530 1661 554 1702 tu
572 1659 627 1702 dore
646 1672 681 1702 me
701 1660 789 1714 regulas

64 1719 153 1764 4444444444
170 1721 234 1765 simut
251 1734 348 1777 44444444
311 1721 411 1766 rudentis
430 1721 445 1765 fi
447 1721 489 1775 4444,
512 1724 537 1766 ut
558 1736 599 1766 nee
622 1721 725 1777 decipiar,
748 1735 789 1765 nee

64 1782 204 1826 4444444444444
227 1784 349 1826 4444444444
343 1798 365 1825 444
384 1786 430 1826 nra
432 1797 477 1826 err
498 1783 557 1836 meli,
580 1784 620 1826 4444
639 1786 663 1826 444
679 1784 789 1826 submisse

64 1844 170 1899 prudens,
188 1847 209 1887 44
224 1846 346 1900 prudenter
362 1845 486 1889 submissus
502 1818 600 1889 44444444
619 1859 632 1888 4
647 1848 669 1888 44
685 1845 790 1901 mysteria

65 1919 125 1949 nune
142 1906 238 1958 44444444,
255 1909 309 1950 tune
324 1921 377 1951 vero
394 1907 417 1950 in
432 1909 472 1951 4444
488 1908 654 1962 gioriavidearn
671 1908 728 1950 ctare
742 1908 789 1950 sine

65 1966 173 2009 velamine
191 1969 212 2009 et
228 1969 295 2010 nube.

357 2052 460 2092 ruderum
472 2053 496 2091 H.

126 2127 207 2168 Petrus
229 2130 308 2168 44444444
329 2137 427 2182 surgens
452 2140 502 2168 euin
525 2126 610 2168 Joanne
633 2139 726 2168 44444444
720 2127 737 2167 44
758 2127 790 2167 ud

65 2200 128 2230 4444444
129 2190 206 2230 44444444
183 2201 247 2239 44,444
263 2187 299 2230 hie
315 2189 440 2240 inmensi
415 2191 440 2231 ut
455 2188 503 2243 ipse
519 2189 614 2231 testaurt
617 2186 789 2242 ,praecucurrit

66 2262 111 2292 non
127 2249 224 2293 tarnen'
188 2263 264 2293 rirn
258 2249 355 2293 iuinttdt
346 2250 427 2293 troivit
443 2250 519 2310 Pruor
520 2251 585 2293 4444444
572 2264 598 2293 444
613 2263 644 2293 4444
647 2253 691 2293 44444
707 2249 789 2292 Petrus

66 2312 123 2353 uidit
139 2305 257 2355 linteamin
244 2325 281 2366 4444,
299 2312 361 2382 queis
382 2326 462 2368 eorpus
486 2311 559 2355 Christ
531 2312 567 2355 isti
589 2315 636 2355 erat
657 2312 788 2362 involutum,

65 2374 153 2416 selein
170 2374 250 2428 anguto
265 2375 327 2429 posit
328 2388 343 2416 44
360 2388 411 2417 444444
421 2373 518 2426 4444444444,
530 2374 592 2429 quod
602 2373 712 2417 demortui
723 2375 791 2428 4444444

66 2435 161 2487 tegebat
188 2435 281 2488 Signum
302 2436 346 2477 hoe
369 2439 422 2486 erat,
446 2449 527 2503 eorpus
550 2435 631 2477 Christi
652 2448 698 2476 non
721 2435 789 2476 fuisse

65 2489 123 2535 tinto
149 2494 223 2537 suhtat
202 2497 269 2546 444444,
296 2495 336 2537 sed
360 2495 514 2538 resurrexisse.
539 2494 572 2537 444
598 2494 692 2537 convicti
724 2494 789 2537 4444444

66 2555 197 2599 4444444444444
231 2556 292 2612 quod
307 2557 354 2600 4444
355 2570 437 2600 44444
429 2556 536 2600 dixerant.

76 2645 81 2650 -=
125 2617 334 2673 Η44444444Α44444444
350 2613 449 2661 referunt
466 2614 522 2661 duas
541 2618 789 2673 444444444444444,4444

68 2678 149 2732 quihus
172 2679 285 2721 Christum
308 2682 396 2735 oportet
423 2693 540 2735 4444444444·Ι
560 2680 636 2734 fidem
661 2680 744 2722 4444444
769 2682 791 2721 44

66 2741 140 2782 44444444
138 2743 193 2783 44444.
216 2740 310 2784 Fidesi
304 2755 326 2783 44
348 2741 414 2798 Petro
429 2694 572 2784 ’444444444444
548 2741 671 2797 44444444
667 2740 778 2784 4444444444

101 2818 213 2848 nominares.
233 2819 244 2848 4.
718 2813 742 2850 20
