1760 2983
75 161 118 205 312
364 159 489 196 Hebdomada
501 159 523 195 ll.

699 222 798 230 -4—

364 282 509 321 ruuoruuur.
528 286 529 289 ’
755 325 756 328 ¹

135 346 192 390 Dico
203 347 271 399 cobis,
291 349 350 402 quod
369 349 402 389 ito
419 347 536 403 guardiam
553 348 596 390 eru
612 349 636 389 111
652 348 711 389 coelo
727 361 799 403 srrpcr

75 422 120 451 uno
135 411 254 463 peccatore
268 410 432 463 praecellentium
448 413 533 464 ugente,
551 421 622 463 qrrcm
637 422 708 464 snper
726 421 798 452 116111-

73 471 141 525 gc'utc
156 482 236 511 trucem
246 469 330 524 justos,
347 471 387 525 piri
402 483 446 512 icon
462 471 564 525 indigeat
578 471 724 523 peccaterum.

135 531 166 573 lta
182 530 315 584 parabolam
331 530 444 574 concludit
460 530 567 575 Christus.
591 531 620 574 Ut
636 531 692 574 lraec
708 530 749 574 rite
765 530 798 573 in-

78 591 211 646 telligamus,
230 592 376 647 imaginemur
395 592 572 648 nobis-patrem,
594 592 631 648 qui
649 593 707 635 inter
725 592 800 647 plures

75 652 157 695 liberos
173 652 232 694 bene
252 667 319 696 sanos
340 667 366 696 ac
388 654 462 696 felices
485 666 553 696 unum
577 655 680 696 numeret
702 666 799 708 aegrum,

75 714 119 757 imo
137 715 165 758 ad
186 716 307 758 extremam
321 715 437 758 redactum
453 714 573 758 miseriam:
590 729 636 757 non
648 715 730 769 poterit
741 714 800 756 hune

69 776 167 818 sanitati
182 776 256 817 subito
269 775 395 818 rest'tutum
408 775 495 827 intueri,
513 775 566 831 quin
576 779 628 818 artu
638 775 710 831 maJ'us
721 775 801 818 sentiat

76 838 189 893 gaudium,
210 850 277 894 quam
296 837 379 881 habeat
395 837 423 881 ob
441 837 568 882 continuam
586 838 724 882 caeterorum
741 836 800 881 sani-

76 903 151 944 tatem.
172 900 238 944 Haud
259 900 321 943 aliter
341 901 455 943 conversio
479 902 500 943 et
521 900 659 955 poenitentia
677 899 801 955 peccatoris

75 963 155 1004 beatos
171 961 261 1016 spiritus
277 961 362 1016 majore
376 961 457 1016 gaudio
471 962 558 1004 octrrcb'
575 960 648 1014 afficit
666 974 733 1016 quarn
748 973 799 1016 per-

76 1023 202 1067 severa-ntia
215 1022 328 1079 justorum
344 1023 482 1078 poenitentia
498 1036 543 1066 non
559 1023 712 1078 indigentium.

135 1085 205 1135 Absit,
223 1087 247 1127 111
258 1098 307 1127 cum
317 1084 439 1139 pharisaeis
454 1098 619 1127 nmrmuremus
636 1087 713 1126 contra
722 1084 800 1138 benig-

76 1160 129 1189 nam
144 1145 261 1197 hominum
278 1146 451 1200 apostolicorum
471 1159 523 1201 erga
532 1147 662 1202 peccatores
674 1146 799 1189 caritatem:
859 1190 861 1196 ,

75 1208 151 1264 potius
171 1221 221 1251 cum
240 1207 282 1251 illis
303 1211 430 1263 satagamus
450 1209 549 1252 errantes
573 1221 680 1263 quaerere
703 1208 801 1252 oriculas

77 1273 99 1314 et
116 1271 145 1313 ad
162 1270 242 1314 Christi
259 1282 347 1325 gregem
363 1271 477 1313 reducere.
500 1269 567 1321 Quod
584 1270 602 1312 sl
617 1269 707 1325 ipsimet
723 1270 750 1312 rle
766 1270 800 1313 in-

76 1333 150 1375 fausto
162 1331 282 1375 errantium
292 1344 384 1375 numero
396 1344 503 1383 essemus,
518 1332 564 1374 sine
575 1344 639 1374 mora
649 1331 678 1374 ad
687 1334 800 1387 pastorem

76 1394 163 1436 bonum
180 1394 326 1435 reuertamur:
347 1395 368 1434 et
384 1405 466 1434 nouam
483 1392 503 1434 ei
518 1393 603 1448 totique
621 1392 694 1435 euriae
711 1393 801 1436 coelesti

76 1455 192 1498 materiam
208 1453 321 1509 gaudendi
336 1454 500 1509 praebebimus
517 1454 546 1497 Ar
563 1468 681 1497 caveamus
698 1455 763 1497 simul
779 1456 801 1497 in

75 1517 161 1570 priores
171 1515 241 1558 relabi
251 1529 336 1557 errores
347 1518 369 1557 et
385 1515 443 1566 arim
460 1528 525 1556 secus
536 1515 659 1566 gauderent
669 1516 800 1557 daemones:

76 1576 159 1632 Angeli
172 1577 239 1632 procis
255 1588 338 1618 oritura
347 1578 439 1632 flerent.
462 1575 511 1632 (lsa.
528 1576 564 1626 33,
581 1574 610 1631 7.)

32 1692 35 1694 ‚
138 1637 313 1692 Oangelipaeisl
324 1637 448 1692 supplicate
459 1650 563 1691 supremo
575 1637 699 1680 aniruarum
709 1637 800 1692 pastori,

76 1701 102 1741 111
111 1712 185 1741 meam
194 1698 293 1753 perfecte
304 1701 424 1751 convertat,
443 1699 472 1741 arl
485 1698 594 1741 sinceram
603 1698 713 1753 perducat
721 1698 800 1753 poeni-

77 1761 175 1813 tentiam„
194 1759 308 1803 confirmet
318 1759 341 1803 in
351 1760 426 1815 grata,
444 1773 485 1803 suo
497 1760 604 1803 accendat
615 1773 696 1812 amore,
714 1760 800 1816 sibique

77 1826 123 1866 tam
144 1824 202 1865 arete
227 1822 355 1878 adstringat,
378 1824 403 1864 ut
424 1835 471 1864 non
489 1822 561 1877 possit
581 1822 675 1877 amplius
695 1823 800 1877 separari.

77 1884 104 1926 nt
126 1898 179 1927 sane
198 1884 256 1925 ultro
276 1886 375 1926 revertur
398 1884 426 1926 ad
448 1885 476 1934 te,
499 1883 600 1926 Domine.
623 1883 681 1926 llille
704 1883 802 1927 rationes

77 1945 131 1989 milri
151 1946 274 2000 suppetunt
292 1946 361 1988 vitam
380 1944 482 1988 mutandi
501 1944 524 1988 in
542 1944 628 1988 mellus.
652 1945 719 1998 Quod
738 1946 756 1988 si
776 1960 802 1990 en

79 2008 182 2050 omnibus
208 2007 275 2055 lraee-
289 2007 337 2050 sola
363 2010 427 2057 esset,
452 2007 513 2061 quod
535 2007 609 2058 sciam,
633 2009 801 2050 conversionem

77 2082 150 2111 meam
159 2068 198 2110 tibi
205 2068 252 2110 fore
262 2067 378 2111 materiam
388 2067 470 2123 gaudii,
480 2080 521 2110 1166
532 2069 645 2111 momento
656 2067 714 2112 illam
727 2067 801 2112 [litier-

77 2144 131 2182 rem,
152 2130 205 2173 satis
225 2127 336 2184 superque
355 2129 413 2181 telin,
434 2129 496 2184 quod
515 2129 550 2172 uel
569 2130 637 2172 semel
657 2130 679 2172 in
699 2131 744 2173 vita
763 2125 802 2173 tibi

15 2240 16 2244 Ἰ
78 2205 147 2233 causa
163 2190 275 2245 gaudendi
292 2191 407 2233 entiterinr.

364 2340 463 2389 Feria
486 2340 519 2389 H.
553 2352 554 2355 ’

157 2420 257 2466 Christus
273 2421 364 2466 Petrum
381 2421 499 2467 constitnit
516 2422 583 2482 eaput
599 2423 722 2469 Ecclesiae.

364 2496 521 2532 (doarr.*21,15.sq.)
554 2499 558 2502 ’

374 2557 504 2597 1111111111.

136 2621 198 2664 Dicit
214 2619 304 2663 Simoni
320 2621 387 2663 Petro
403 2622 485 2664 Jcsns:
501 2621 581 2665 Sincere
597 2623 702 2675 Jouunr's,
723 2624 802 2679 diligis

77 2696 114 2725 mc
127 2684 183 2738 ptris
199 2683 254 2725 bis?
270 2683 325 2725 utcu
341 2684 371 2725 ci:
392 2683 477 2736 Etiam
497 2683 602 2737 Domine,
625 2688 649 2727 111
671 2686 723 2738 scis,
746 2686 801 2740 qma
