1760 2983
87 183 134 233 242
365 183 490 224 Hebdomada
506 187 535 224 IV.

87 327 167 357 manns
184 315 291 368 paternae
307 313 409 357 ictnmin
419 316 534 368 momenta
550 314 738 369 praestolabatur.
762 314 813 357 Non

88 375 152 417 aliter
161 374 225 417 155555
236 376 370 429 expectabat
379 375 436 418 ictus
449 375 588 427 malleorum,
606 378 631 417 nt
641 374 700 417 cruci
711 374 813 429 affigere-

87 437 133 487 tur:
152 447 288 490 qnarnqnam
305 435 325 477 ei
341 435 414 479 1555551
431 435 479 491 jani
494 434 582 490 pridem
602 435 707 490 alligatus
723 448 763 490 per
779 436 813 478 in-

87 493 182 540 visibilia
198 495 295 539 caritatis
312 510 366 540 snae
382 496 478 539 vincula.
731 511 733 515 ’

147 567 215 611 Pater
232 570 327 620 aeterne,
338 586 340 588 ·
352 569 389 624 qni
406 569 459 611 olim
476 572 583 625 prompta
598 567 668 611 isaaci
685 567 814 611 obedientia

88 632 206 688 contentus
222 631 341 685 paternum
358 630 476 673 cohibuisti
492 630 600 685 gladium:
618 629 655 672 ab!
673 630 691 672 si
707 628 814 685 possibile

88 692 128 744 551,
147 692 213 735 5115555
229 692 295 735 bodie
312 694 431 735 contentus
442 695 489 736 esto
500 692 558 735 illins
576 690 732 743 submissione,
750 691 814 747 cujus

88 753 151 796 Isaac
167 753 239 797 solnm
256 752 393 810 eratfignra.
415 754 478 799 Tuos
491 754 554 798 mitte
571 752 669 810 angelos,
687 752 814 810 quimanns

89 815 218 860 carnificum
233 816 349 860 inhibeant
369 819 390 860 et
407 817 434 861 de
455 817 518 861 altari
534 815 718 873 pretiosissimam
735 815 815 859 tollant

88 877 199 922 victimam
216 891 257 933 pro
274 879 339 922 nobis
348 878 481 934 propediem
493 878 659 935 immolandam
692 877 738 920 Sed
754 878 813 919 eninr

91 939 193 994 t'toadver
180 938 382 996 elnonexaudies
398 939 479 983 15555
455 953 534 1010 preces
549 953 619 982 meas.
643 938 700 982 (lum
715 938 814 994 ptaerfec
842 956 844 959 >

90 984 135 1043 sint
151 1003 282 1056 operatua,
304 1001 383 1044 Filium
399 1002 500 1045 launi]
479 1015 517 1044 55555
500 1001 589 1044 55551551
605 1000 644 1052 vis,
668 1003 693 1042 nt
707 1000 813 1068 perfecta,

88 1061 133 1104 imo
151 1064 173 1103 et
189 1062 281 1116 copiosa
297 1062 325 1104 sit
339 1062 464 1118 redemptio
479 1065 538 1105 nostr
531 1075 562 1105 ra
594 1060 708 1103 Laudem
724 1074 776 1115 eigo
792 1061 815 1103 in

90 1124 206 1165 aeternum
223 1124 262 1165 tna
277 1123 327 1177 plns
343 1137 410 1178 quarn
426 1126 521 1178 paterna
542 1123 565 1165 in
587 1136 629 1165 nos
653 1121 740 1164 caritas.
771 1121 815 1164 Per

90 1182 148 1225 hanc
159 1185 181 1226 te
192 1183 287 1238 supplex
297 1193 383 1238 precor,
400 1186 425 1226 nt
434 1184 487 1226 5551151
498 1196 589 1238 quoqne
607 1182 700 1237 gratiam
715 1182 814 1236 largiaris

89 1256 126 1285 me
136 1243 210 1299 ipsum
221 1244 261 1286 tibi
270 1245 400 1288 immolandi
410 1245 432 1287 in
443 1244 582 1296 sacrificinm,
594 1243 655 1299 qnod
662 1243 690 1285 sit
696 1242 813 1297 integrum,

90 1305 216 1359 perfectum
226 1307 248 1349 et
258 1309 444 1360 consummatum,
455 1307 530 1363 'atque
541 1305 597 1350 adeo
615 1318 720 1361 germana
731 1304 814 1360 effigies

89 1367 196 1420 sacrificii,
215 1369 277 1424 (qnod
293 1382 345 1412 mox
362 1369 440 1412 5115551
459 1369 526 1411 Filius
543 1370 602 1420 tuus,
619 1367 724 1411 Serrator
740 1380 811 1410 mens.

378 1500 481 1540 1111111111
494 1501 517 1539 ll.

148 1588 272 1644 Postquam
281 1590 345 1648 lesus
362 1604 430 1645 snper
446 1603 533 1632 enicem
550 1589 623 1632 inerat
640 1589 750 1640 extensus,
768 1591 814 1631 tor-

89 1651 150 1692 tores
167 1651 284 1694 confestim
295 1652 372 1695 ambas
387 1664 469 1695 manns
479 1651 594 1706 pedesque
611 1649 735 1693 trabalibus
747 1649 815 1693 clavis

89 1710 208 1754 aflixerunt
218 1713 277 1755 cruci
286 1726 332 1755 non
343 1713 382 1756 abs
392 1712 476 1768 ingenti
486 1712 600 1767 sanguinis
611 1726 638 1754 ex
647 1711 707 1754 hisce
718 1713 816 1766 quatuor

89 1772 219 1815 vulneribus
235 1774 388 1829 promanantis
406 1771 522 1817 5115515555.

149 1846 262 1903 Expende,
286 1848 360 1892 anima
376 1862 432 1901 mea,
457 1847 546 1904 quantis
556 1846 676 1891 *Christum
700 1845 815 1890 doloribus

89 1908 202 1952 affecerint
217 1909 260 1952 hae
271 1910 372 1953 crudeles
383 1913 479 1965 quatuor
489 1910 568 1964 plagae
584 1910 607 1951 in
623 1908 747 1950 tenerrimis
765 1921 814 1949 cor-

89 1969 150 2038 poris
160 1970 227 2022 longe
238 1970 389 2013 delicatissimi
397 1970 506 2025 partibus,
524 1969 563 2012 nbi
572 1969 668 2011 maxime
679 1970 815 2011 coricurrnnt

88 2029 157 2073 uerri
177 2030 238 2074 Tus
228 2023 321 2076 ferendo
337 2046 383 2076 non
368 2035 636 2088 rcsprmctnramacns:
655 2029 748 2086 cogita
743 2029 815 2085 igitur,

89 2094 187 2195 qnatntos
204 2093 233 2136 do
234 2094 293 2137 lares
309 2094 373 2138 lesus
393 2097 499 2149 pertnr
444 2094 515 2146 nli,e1t
541 2105 621 2136 manns
637 2092 753 2161 pedesque
769 2093 816 2133 tam

90 2156 161 2195 acntrs
185 2167 252 2208 qnam
274 2156 353 2198 crassis
376 2155 491 2210 perfossus
515 2154 621 2206 5155155
613 2153 649 2208 qni
671 2166 740 2195 venas
765 2165 815 2194 cunr

89 2226 154 2257 carne
172 2214 330 2283 dilacerabant.
348 2216 471 2259 Considera
487 2215 520 2258 ult
511 2215 580 2257 terius
595 2214 717 2257 immensos
733 2214 814 2257 Serra-

89 2274 175 2320 toristr
176 2276 303 2331 nrdoloes,
327 2292 384 2335 quos
402 2280 457 2322 susti
450 2277 511 2330 inuit,
536 2276 589 2321 dnn]
607 2274 727 2327 carnifices,
750 2276 814 2378 post-

88 2351 156 2393 quam
173 2352 218 2382 una
234 2353 302 2383 mann
320 2341 407 2384 confixa
416 2353 459 2387 ner
457 2340 484 2382 51
507 2339 633 2394 gravissime
649 2337 705 2381 laesi
720 2350 770 2380 sese
781 2337 817 2379 5

91 2401 259 2453 contraxissent,
288 2404 313 2443 nt
335 2416 415 2444 manus
442 2402 512 2444 51555
534 2400 563 2443 ad
586 2394 763 2454 designatnmc
752 2399 815 2441 clavo

88 2460 189 2504 toramen
211 2475 257 2505 non
279 2462 404 2519 pertingere
381 2464 421 2516 55,1
438 2462 536 2506 funibus
559 2462 612 2517 liga
614 2462 734 2505 5555155515
756 2459 777 2502 xi
794 2462 816 2502 et

55 2522 58 2526 ’
89 2522 220 2567 crudelitate
237 2527 382 2577 attraxerunt,
399 2528 424 2568 nt
440 2524 515 2568 ornnia
530 2524 663 2567 1555555555
678 2489 817 2566 taxarentur.

89 2584 149 2627 Audi
164 2586 241 2629 desum
258 2587 318 2642 apud
331 2586 439 2629 Psaltern:
456 2586 578 2638 Foderunt,
596 2585 632 2638 511,
649 2597 735 2627 orarias
751 2596 816 2626 circos

89 2649 109 2689 ct
131 2649 201 2701 pedes
226 2661 300 2700 areos,
333 2650 541 2690 dirrrrroerancraat
570 2648 648 2689 55555515
678 2659 731 2687 ossa
756 2647 816 2686 area

91 2708 158 2763 11551.
177 2708 212 2758 21,
231 2708 265 2750 17,
283 2709 327 2764 18.)
