1760 2983
74 201 118 246 330
351 172 520 237 autumabam.

76 340 125 369 cam
136 326 300 369 confessionem
311 326 338 368 de
349 325 466 369 sanctitate
477 327 498 368 et
509 324 623 368 divinitate
634 324 722 377 Christi,
734 338 801 380 quem

75 389 143 444 panio
160 389 212 430 aute
228 390 253 430 ut
268 387 385 437 latronem,
402 387 485 430 ultimis
502 387 594 443 dignum
604 386 723 442 suppliciis,
741 386 800 429 cruri

76 450 198 502 affixerant,
216 449 282 493 etiam
298 449 389 493 Judaeis
407 452 429 493 et
445 449 565 504 genitibus
581 450 721 503 extorquere.

135 512 164 553 Hi
173 511 278 552 nimirum
290 511 401 564 passionis
411 513 464 551 tuae
475 511 628 560 sunt-fructus
645 510 675 550 1ni
685 509 781 563 Redemi
791 533 800 539 -

75 573 116 624 tor,
135 574 156 615 et
173 570 264 613 effeetus
275 573 327 614 tuae
344 571 374 614 ad
383 570 473 614 Patrem
489 571 602 621 orationis,
620 583 687 624 quam
703 570 726 613 iu
736 583 801 612 errice

76 645 116 688 pro
126 633 282 689 peecatoribus
292 632 375 676 fudisti.
395 628 435 684 Da,
452 634 477 674 ut
487 635 509 676 et
519 645 560 686 ego
571 629 615 674 vim
632 630 680 687 ejus
699 631 800 674 sentiam.

75 694 126 737 Non
142 694 216 737 minus
227 694 385 748 prodigiosam,
403 708 428 736 ae
444 693 557 737 inanimis
574 692 633 736 oruoi
645 696 698 735 tuae
709 693 801 736 adstan-

75 755 138 809 tium,
148 756 172 799 in
181 768 218 798 me
229 756 397 812 conversionem
408 754 480 799 ettiee:
491 755 567 798 scinde
580 768 618 798 eor
628 768 704 797 meum
714 754 801 798 sincero

38 864 40 869 ,
77 817 153 862 dolore
171 817 198 869 de
214 818 318 874 peccatis,
335 820 452 874 tamquam
467 818 533 862 unica
548 817 626 861 mortis
648 819 700 860 tuae
724 830 800 860 eausa:

76 880 118 934 fae,
141 882 166 924 ut
181 893 222 935 per
243 880 355 936 reliquum
371 881 429 923 vitae
446 880 507 923 aliud
528 894 575 923 non
598 893 668 935 agam,
693 893 760 935 quam
776 881 802 921 ut

78 942 107 985 ad
122 944 186 986 tuum
203 942 312 985 bonorem
329 944 350 985 et
365 955 440 985 meam
457 942 611 985 confusionem
627 941 702 997 palam
718 941 802 997 ubique

76 1005 203 1060 praedicem
211 1007 303 1048 etmeae
311 1018 426 1048 excessum
434 1005 530 1048 malitiae
538 1004 803 1058 ettuaemagnitndinenr

77 1066 249 1110 misericordiae.
298 1081 300 1083 ’

354 1241 453 1291 Feria
474 1240 527 1292 IV.

265 1325 369 1393 Repetatnr
381 1344 478 1381 meditatio
492 1344 613 1391 praecedens.

361 1520 461 1569 Feria
481 1521 520 1570 V.
560 1543 562 1546 ⁴

243 1626 333 1673 banoea
349 1625 432 1672 Christi
448 1626 509 1673 latus
526 1626 636 1687 aperitur.

362 1700 410 1735 [donn.
422 1703 443 1736 19,
454 1703 477 1730 31,
488 1702 519 1738 sm)

374 1787 478 1826 Puuuruu
490 1787 505 1826 I.

138 1864 225 1905 sudaei
234 1866 376 1919 rogauerunt
386 1863 495 1913 Pilatum,
509 1866 534 1906 nt
543 1864 715 1920 fisorrgerautur
724 1876 805 1907 eorum

66 1957 67 1961 ¹
79 1938 158 1976 crura,
176 1924 214 1978 qui
224 1924 321 1967 crucifixi
333 1928 404 1967 erant:
421 1939 461 1980 per
471 1926 533 1980 quod
546 1926 648 1981 nequiter
657 1925 805 1969 intendebant

78 2000 137 2030 novo
153 1985 236 2038 desum,
254 1986 364 2041 siquidem
381 1987 455 2030 adbue
470 1987 560 2039 viveret,
581 1987 689 2043 supplicio
707 1986 802 2031 afficere.

78 2048 108 2091 nt
123 2048 166 2091 Dei
183 2047 324 2102 prouidentia
346 2049 368 2090 id
390 2063 437 2090 non
452 2048 562 2102 permisit:
584 2051 610 2090 ut
631 2049 761 2102 impieretur
783 2049 805 2089 in

79 2108 174 2157 Christo,
192 2108 253 2162 qnod
270 2107 298 2150 de
315 2122 372 2162 agno
389 2109 489 2164 paschati
504 2108 693 2164 praecipiebatur:
714 2107 746 2151 Os
761 2121 805 2151 nou

79 2170 239 2214 comminuetis
255 2183 280 2214 ar
296 2184 328 2214 eo.
365 2170 429 2215 Item·
442 2172 468 2214 ut
483 2170 655 2227 significaretur,
674 2171 736 2227 quod
759 2176 804 2215 tor-

81 2235 158 2275 menta
176 2232 294 2287 passionis,
318 2234 369 2275 utut
391 2233 537 2286 atrocissima,
560 2234 710 2277 constantiam
727 2231 807 2276 Christi

38 2317 40 2319 -
79 2306 125 2335 non
141 2293 252 2347 fregerint.
363 2333 365 2336 ,

140 2352 243 2395 Divinum
266 2352 310 2395 hoe
333 2353 459 2410 exemplum
481 2367 598 2410 nunqnam
622 2367 669 2399 non
700 2353 806 2398 animavit

77 2414 151 2471 justos
174 2415 303 2470 animatque
324 2416 347 2458 in
367 2417 473 2459 adversis.
506 2417 584 2459 Sciunt
599 2417 709 2468 nimirum,
733 2431 764 2468 se,
781 2420 806 2459 ut

79 2477 161 2530 desum,
174 2477 243 2520 aDeo
260 2477 354 2532 protegi,
371 2490 415 2521 non
426 2477 570 2534 permissum,
587 2480 613 2521 ut
627 2478 662 2521 vei
673 2478 763 2522 unicum
781 2490 806 2520 os

80 2540 244 2582 comminuatur
260 2552 286 2581 er
297 2540 338 2582 eis:
355 2539 376 2581 h.
388 2553 406 2581 e.
418 2540 497 2591 sciunt,
515 2541 617 2582 virtutem
629 2554 699 2592 suam,
716 2540 805 2594 ringen-

79 2600 140 2643 tibus
150 2599 250 2651 inimicis,
260 2600 346 2643 firmam
357 2601 424 2643 aDeo
436 2602 591 2644 conservatum
602 2601 634 2649 iri.
645 2601 807 2656 integramque.

139 2662 202 2705 Meae
224 2662 308 2716 pariter
323 2662 430 2714 fidelitati,
455 2676 522 2718 quarn
545 2662 585 2706 tibi
605 2663 685 2716 debeo,
709 2663 806 2715 oDeus,

80 2723 138 2768 intra
160 2727 182 2769 et
204 2726 267 2768 extra
288 2738 324 2768 me
347 2724 479 2769 insidiantur
501 2726 584 2769 hostes.
622 2725 673 2769 Non
695 2726 806 2782 permitte,
