1760 2983
373 214 535 276 Quadragesimae.
588 225 592 227 ⁴
772 231 815 276 231
836 212 838 214 ·

90 353 268 398 misericordiam
285 354 388 409 deneges,
406 368 447 410 pro
458 354 539 410 quibus
555 355 650 411 ipsemet
663 354 775 413 satisfecit
792 356 817 397 ut
875 367 877 370 ·

90 418 155 459 'tuam
170 416 270 472 placaret
283 416 404 474 justitiam:
663 416 665 419 ⁴
823 433 824 436 ¹

332 535 336 539 ’
382 547 485 587 ruucrun
504 547 527 587 n.

153 624 233 683 ludaei
255 625 277 667 iu
290 624 411 667 ¹diabolica
428 625 540 668 Christum
563 625 679 667 occidendi
698 624 817 667 'voluntate

72 715 73 718 =
91 686 216 741 praefracte
227 686 333 729 obstinati
348 687 436 729 tantum
446 687 515 740 abest,
532 688 558 729 ut
566 685 751 741 miserandaejtis
761 684 817 728 facie

93 748 123 791 ad
140 748 356 793 commiserationem
367 750 569 792 commorerentur:
586 750 611 791 ut
628 747 694 791 etiam
709 746 816 804 majorem

94 810 117 853 in
127 811 212 855 rabiem
223 810 344 855 exarserint
354 813 376 854 et
386 811 414 854 de
423 822 483 855 noro
495 810 676 855 exclamaverint:
697 809 817 865 Cruciflge,
832 837 833 840 =

93 874 204 929 crrreffige
217 881 278 916 ‘eruut
313 872 398 930 Pilatus
416 873 467 927 plus
481 886 549 927 quam
564 873 675 915 barbarae
691 871 818 926 indignatus

94 933 221 978 crudelitati
231 934 284 978 dixit
295 934 338 977 eis:v
352 934 409 989 Ergo
426 936 521 989 accipite
531 948 584 977 eum
600 947 639 977 uos
650 937 670 976 et
680 934 819 988 creuifigiteg

94 1005 134 1049 ego
143 997 350 1050 euiueueuiuueru'o
361 997 388 1037 iu
396 1009 419 1037 eo
430 1009 528 1037 euersum
537 996 622 1053 ruortis.
632 995 819 1048 Responderunt:
869 1044 870 1047 Ἴ

94 1054 142 1097 Nos
159 1056 230 1112 leg'eru
246 1056 357 1098 laudemus
376 1058 395 1098 et
405 1056 535 1098 secuudum
554 1056 626 1112 legem
642 1056 704 1098 dedet
719 1053 819 1097 retortio

96 1130 162 1161 cruce
178 1119 233 1172 quiet
248 1117 336 1166 Filium
351 1118 396 1161 Dei
410 1132 434 1161 se
443 1119 507 1173 fecit.

155 1190 237 1245 Utique
249 1191 388 1233 dabaturieu
398 1192 488 1232 utereris
497 1191 520 1232 in
531 1190 663 1241 c‘ordelesu,
675 1192 709 1232 lex
716 1188 819 1242 justitiae
843 1190 859 1216 -’

94 1249 117 1292 in
134 1251 201 1294 corde
216 1252 288 1294 Patris
304 1252 394 1303 aeterni,
412 1252 558 1299 resurrecturae
574 1253 596 1294 et
610 1250 691 1294 furoris
707 1250 730 1293 in
746 1249 819 1309 cordi-

95 1311 137 1356 bus
160 1309 303 1366 ludaeorum,
327 1312 451 1357 secundum
468 1326 535 1368 quam
550 1312 615 1356 lesus
638 1312 735 1356 debebat
756 1311 819 1355 mori.

95 1373 114 1416 O
137 1374 197 1429 leges
220 1374 286 1431 plane
309 1374 417 1418 diversas!
448 1375 466 1418 Ο
489 1375 524 1417 lex
543 1375 631 1427 amoris,
655 1376 764 1430 quantum
783 1387 819 1416 me

96 1435 203 1480 delectas!
237 1436 308 1481 Olor
324 1437 430 1493 justitiae,
454 1440 618 1493 quautumme
638 1438 717 1480 terres!
750 1436 820 1479 Olea

41 1493 42 1497 ’
96 1498 192 1542 invidiae
215 1512 241 1542 ac
257 1499 412 1542 obstinationis
435 1502 519 1555 quanto
541 1512 578 1542 me
600 1500 692 1543 horrore
709 1498 819 1541 concutis!

96 1559 185 1616 Superi!
204 1561 281 1617 quanti
297 1574 332 1605 res
343 1558 474 1605 discriminis
485 1563 518 1605 est
527 1574 612 1605 morem
623 1573 698 1616 gerere
708 1560 751 1615 legi
762 1559 819 1604 adeo

96 1622 193 1678 iniquae,
211 1624 268 1667 adeo
285 1623 382 1667 crudelil

154 1694 212 1748 'Quis
226 1697 274 1753 jam
290 1697 399 1752 explicare
410 1699 479 1753 queat
494 1711 561 1740 sensa
577 1700 599 1740 et
612 1697 707 1749 dolores,
726 1710 782 1752 quos
798 1696 820 1739 in
861 1705 863 1707 ’

96 1758 164 1801 corde
180 1758 232 1802 lesu
255 1756 489 1805 excitavitincoudita
510 1759 639 1802 vociferatio
662 1759 740 1814 gentis,
761 1772 821 1813 quae

96 1819 195 1861 nonnisi
205 1819 314 1867 beneficia
325 1820 352 1873 ab
363 1820 399 1862 illo
411 1820 502 1874 accepit,
519 1833 579 1862 nunc
589 1822 664 1862 autem
673 1819 821 1873 ingratissima
864 1871 865 1874 Ἰ

87 1880 292 1934 ,probrosissimam
301 1881 450 1923 benefactoris
460 1894 537 1923 necem
553 1881 696 1936 pertinaciter
706 1879 820 1935 deposcit?

96 1939 171 1984 Probe
189 1941 321 1985 meminerat
337 1942 449 1993 Servaton
473 1943 535 1996 quod
557 1956 607 1984 eam
627 1940 730 1984 omnibus
749 1945 821 1983 terrae

97 2000 187 2056 populis
202 2001 339 2056 praetulerit,
355 2002 523 2056 innumerisque
534 2002 688 2046 condecorant
700 2001 821 2053 miraculis:

97 2073 158 2118 nunc
166 2065 240 2117 autem
247 2064 312 2118 mala,
323 2063 368 2107 imo
378 2063 476 2121 pessima
482 2063 575 2121 recipiat
583 2077 624 2121 pro
631 2063 704 2107 bonis.
720 2062 822 2107 Enormis

98 2125 141 2169 ista
159 2126 295 2181 ingratitudo
319 2129 340 2169 et
359 2127 498 2182 supplicium
522 2128 550 2170 ob
571 2141 621 2170 eam
637 2127 742 2171 lud-aicae
758 2124 826 2181 ‘genti

98 2186 246 2240 inferendum,
262 2188 414 2244 maximopere
430 2188 501 2234 doluit
518 2188 612 2232 Christo.

158 2260 273 2317 Numquid
290 2263 371 2314 autem,
390 2261 491 2314 nornine,
511 2275 563 2305 mea
579 2275 670 2317 quoque
686 2260 821 2316 ingratitudo
847 2287 849 2289 -

99 2321 156 2365 inter
171 2322 270 2378 ingratos
279 2323 377 2367 ludaeos
394 2325 446 2367 tuae
456 2324 525 2367 menti
542 2324 656 2379 oculisque
670 2325 726 2366 tunc
743 2323 822 2366 obuer-

69 2405 70 2408 =
100 2383 206 2443 sabatur?
216 2398 291 2441 noune
302 2380 386 2428 scelera
395 2399 446 2427 mea
453 2385 518 2433 simul
529 2399 579 2428 cum
586 2384 675 2428 ludaeis
686 2384 822 2427 clamabant:

70 2451 72 2453 '
102 2442 225 2501 Crercifige,
254 2447 391 2503 castita-ugera
409 2445 462 2490 Pro!
489 2448 574 2503 quanto
597 2447 724 2490 cortuum
746 2445 824 2489 dolore

77 2540 80 2548 ,
97 2508 205 2556 ¹sauciarit
213 2508 255 2560 iste
266 2508 358 2553 clamor!
375 2522 450 2552 meum
463 2508 538 2569 potius
549 2513 587 2552 cor
596 2508 669 2564 gladio
687 2508 824 2564 contritionis

100 2570 186 2619 saucia;
203 2569 244 2621 iac,
261 2573 287 2613 ut
302 2571 325 2613 in
338 2573 417 2625 aperta
430 2573 550 2628 rumpatur
565 2570 661 2624 suspiria
671 2572 693 2612 et
703 2569 825 2629 emoriatur

45 2664 47 2668 ,
100 2640 154 2682 prae
171 2629 255 2683 dolore
273 2631 334 2686 quod
343 2631 478 2675 tuaecausa
489 2626 560 2674 'tuem
574 2630 658 2674 mortis.
690 2630 739 2681 Vah
754 2630 823 2672 male-

101 2688 184 2742 dictam
205 2691 323 2745 passionis,
337 2692 365 2733 ·si
387 2692 507 2746 aliquando
529 2691 719 2746 praedominatur,
742 2691 823 2743 legem!
877 2707 879 2710 ·

92 2747 125 2800 [St
141 2750 195 2807 quid
205 2765 269 2804 enea
285 2752 429 2796 sanctissimis
444 2752 531 2807 legibus
546 2752 591 2795 tuis
606 2751 741 2796 contrarium
752 2751 827 2795 adhuc
