1760 2983
353 181 397 225 post
412 179 488 215 Pascha.
739 180 783 225 311

61 316 167 345 consecro
185 304 289 346 allectum
306 300 385 355 cordis,
409 316 458 347 cum
476 317 559 359 sponsa
575 304 660 347 dicens:
683 304 785 347 Dilectus

41 369 123 408 4444448
139 365 197 407 4444444
214 367 233 407 44
249 374 289 421 ego
305 365 347 407 4444.

351 472 454 510 PUNorrurr
467 472 489 510 Π.

36 590 39 593 r
122 547 203 591 Elem
167 561 251 590 44444
235 548 346 610 4444444444
362 560 420 601 444444,
444 548 576 603 44444444444
610 563 712 592 4444444444
730 563 785 593 suos

58 619 99 664 gru
92 611 207 660 4444444444
187 606 312 652 4444444444
328 611 406 652 4444444444
406 623 423 651 44
436 623 469 652 cor
463 562 585 652 4444444444
555 611 643 653 44444444
656 614 676 653 44
691 613 750 654 4444444
744 625 784 662 4444,

61 672 138 712 44444444
156 671 213 712 illis:
238 670 440 725 Cougraauarutut
461 671 525 721 4444444,
549 671 604 723 quic
619 672 699 713 44444444
720 684 784 714 44444444
842 665 844 668 ’

52 744 144 789 44444444,
162 744 219 784 quiue
232 731 343 784 perierat.

120 803 145 846 ln
160 803 203 847 hac
219 803 328 859 parabola
344 804 453 847 admirare
469 803 604 846 ineffabilem
614 804 654 847 Dei
668 818 720 858 erga
732 818 785 859 pec-

64 866 156 918 catores
181 865 218 921 qui
241 866 270 908 ad
292 878 343 907 euru
366 866 388 906 44
411 877 448 908 cor
466 865 568 918 redeunt,
592 865 712 909 caritatem.
735 865 786 908 Non

63 926 123 982 cogit
137 926 219 970 inritos
235 941 259 970 se
274 926 437 983 mancipiorum
453 926 524 970 instar
540 928 609 985 sequi,
632 928 672 972 sed
689 928 787 984 quadam

64 990 133 1034 trahit
148 990 264 1042 suavitate,
282 1004 328 1046 qua
343 1003 382 1033 eos
397 989 480 1033 blande
496 990 549 1033 facit
565 1004 624 1033 suos.
650 990 701 1033 Non
718 991 786 1045 adigit

62 1052 83 1094 44
103 1051 132 1095 441
148 1051 309 1096 arubrrlaudum
324 1052 348 1112 in
363 1051 399 1095 via
415 1051 509 1105 Domim,
530 1066 587 1108 quos
603 1052 665 1095 nouit
681 1066 709 1095 44
724 1066 748 1095 se
765 1055 787 1095 44

63 1113 146 1157 viribus
155 1116 249 1157 naturae
260 1128 302 1157 nec
311 1114 381 1157 latum
392 1127 489 1169 unguem
499 1127 566 1170 posse
582 1114 693 1169 progredi.
713 1115 786 1157 Imbe-

64 1175 123 1218 cillos
134 1188 160 1218 ex
171 1176 363 1219 commiseratione
371 1176 415 1218 suis
424 1175 592 1232 quodammodo
599 1175 787 1231 portatlrumeris

63 1250 104 1279 sua
123 1238 233 1280 sustentat
253 1236 322 1292 gratia
342 1239 363 1280 44
384 1239 499 1292 portantes
525 1237 604 1293 jugum
629 1236 788 1280 mandatorum

66 1298 164 1354 adjuvat.
181 1298 283 1341 Tandem
298 1299 376 1342 videns
394 1301 504 1342 errantem
520 1298 607 1351 4444444,
625 1299 715 1353 angelos
733 1299 788 1342 coeli

65 1362 86 1402 44
105 1361 195 1402 sanctos
214 1362 286 1402 444444
305 1360 389 1411 inritat,
410 1362 435 1402 ut
450 1360 563 1401 inventam
582 1359 624 1401 sibi
640 1360 717 1402 festive
734 1373 788 1402 cou-

65 1419 202 1484 gratulentur
192 1433 289 1463 r.orem

126 1506 236 1562 Compara
252 1507 327 1559 modo,
351 1507 425 1550 anima
440 1520 497 1559 mea,
521 1507 618 1550 divinam
634 1507 692 1550 hanc
708 1507 789 1561 agendi

66 1566 205 1611 methodum
221 1581 272 1611 curn
293 1569 399 1621 humana,
423 1581 468 1623 qua
490 1568 573 1611 utimur
594 1568 745 1623 implacabiles
768 1571 790 1611 44

65 1629 150 1671 feroces
173 1643 225 1682 erga
249 1629 318 1679 illum,
345 1643 358 1670 a
380 1643 425 1682 quo
447 1629 527 1670 offensi
549 1628 633 1670 sumus.
659 1629 714 1679 Quis
735 1629 791 1670 vidit

66 1701 128 1742 unqu
131 1701 166 1731 am
182 1691 296 1731 terrenum
311 1688 434 1743 prinoipem
449 1688 570 1731 rebellibus
587 1688 682 1731 subditis
701 1688 791 1731 obuiam

66 1749 106 1793 ultr
90 1751 307 1810 trropocederrtem,
324 1753 349 1794 ut
332 1751 453 1794 rreuiam
469 1751 555 1803 offerat,
576 1752 615 1795 aut
633 1749 707 1794 staitm
723 1751 791 1806 priori

65 1812 144 1855 iterum
157 1813 240 1867 gratiae
252 1812 302 1856 loco
316 1826 355 1856 eos
367 1814 520 1868 reponentem,
536 1825 578 1855 nec
592 1812 634 1855 alio
644 1812 687 1855 fine
703 1826 789 1856 merno-

18 1931 20 1935 ,
66 1887 113 1917 rem
133 1874 238 1929 offensae,
256 1888 324 1930 quam
340 1877 365 1918 ut
381 1874 476 1929 amplius
493 1874 569 1929 diligat
585 1874 738 1917 offendentes?

127 1959 250 2003 Scilicettr
230 1960 339 2012 trsolusq
358 1959 474 2012 oDeust
476 1962 529 2002 anta
506 1959 645 2003 clemen
631 1962 674 2003 rae
690 1960 777 2016 prodigi
749 1974 792 2004 rra

67 2021 125 2065 nosti
141 2023 237 2078 patrare.
253 2022 327 2065 Miseri
310 2035 363 2066 rrrco
356 2022 429 2066 rdiat
420 2024 460 2066 tua
475 2023 548 2065 minor
563 2036 609 2065 non
625 2023 659 2066 est
674 2022 791 2082 majestate
756 2024 791 2065 44

67 2086 116 2126 tua:
134 2086 229 2139 utraque
246 2084 330 2154 sinete
332 2085 431 2127 riernno
420 2084 552 2127 e.tfiuet
524 2084 552 2126 Et
569 2083 641 2127 adhuc
621 2083 750 2140 rreperire
765 2083 792 2126 sit

67 2147 215 2200 peccatorem,
238 2146 275 2199 qui
269 2146 323 2188 4414
344 2159 385 2188 sua
407 2145 511 2199 desperet
502 2146 585 2188 tsalut
577 2148 604 2196 4,4
626 2148 665 2187 aut
656 2145 792 2247 tiormidelpi

68 2218 92 2247 se
107 2206 131 2247 iu
150 2205 223 2248 sinum
241 2205 282 2247 Dei
301 2207 348 2248 tam
366 2204 451 2247 infinite
469 2205 524 2247 boni
542 2218 590 2260 pro
593 2218 634 2247 444
627 2206 665 2247 re?
687 2204 769 2259 Deiq

68 2268 199 2321 peccatores
220 2266 316 2321 benigne
337 2266 459 2321 praeuenit,
482 2265 603 2309 solliciter
563 2266 687 2321 erruaerit
672 2218 792 2309 4141444114Ι
822 2266 827 2271 ”

69 2327 163 2430 excipit?
190 2327 278 2382 Opas
280 2340 304 2370 or
323 2328 389 2379 boue,
408 2327 501 2370 lrumillir
486 2341 543 2370 rmus
559 2327 599 2370 tibi
615 2328 688 2381 grates
705 2341 793 2381 agor
764 2327 793 2370 ob

67 2391 107 2443 pat
108 2388 142 2431 ierr
144 2390 204 2441 444444,
216 2402 261 2444 qua
270 2401 306 2431 me
315 2388 421 2432 rebellem
431 2391 479 2431 sust
480 2388 604 2431 iuuistrtiob
615 2388 695 2431 sollicit
695 2388 792 2439 udinem,

70 2462 114 2505 qua
130 2449 244 2493 insecutus
261 2462 284 2492 es
300 2449 431 2505 fugientem:
455 2449 483 2492 ob
501 2449 655 2493 admirandam
672 2449 793 2502 caritatem,

71 2525 116 2567 qua
132 2513 247 2554 inventum
263 2511 369 2555 reduxisti
387 2511 416 2554 ad
432 2511 489 2555 ovile
505 2514 575 2555 tuum.
601 2511 699 2566 Angelos
715 2511 795 2554 inritas

71 2574 93 2615 et
108 2573 217 2624 homiues,
237 2575 263 2616 ut
278 2575 352 2616 tecum
369 2573 397 2616 de
413 2585 463 2615 meo
481 2573 594 2627 gaudeant
609 2573 692 2616 reditu:
716 2575 737 2616 et
753 2586 794 2627 ego

70 2634 171 2678 obtestor
187 2648 232 2687 eos,
255 2636 280 2678 44
295 2635 353 2679 hanc
369 2634 543 2679 misericordiam
560 2647 648 2678 mecum
663 2634 757 2678 laudent
772 2633 795 2677 iu

71 2699 192 2740 aeteruum.
