1760 2983
76 180 120 225 306
368 178 492 214 Hebdomada
504 178 517 213 l.

78 304 176 359 graditur
198 306 220 347 et
241 303 294 346 fidei
322 304 387 348 nobis
409 305 513 349 veritates
535 303 648 358 patefacit.
672 303 758 347 Caritas
780 304 804 346 in

78 367 164 410 loanne
180 366 323 421 praesignata
339 378 392 408 mox
408 365 474 409 fidem
494 364 604 421 sequitur:
627 367 721 422 utraque
739 365 804 409 simul

78 428 198 484 conjuncta
215 427 358 471 acluiirandos
371 428 394 470 in
404 427 478 471 anima
488 427 540 471 iacit
549 440 681 485 progressus
690 426 803 471 virtutum.

139 488 247 542 Clarifioa,
271 503 284 532 o
306 488 368 533 Deus
389 489 499 532 luminum
522 491 544 532 et
561 489 650 541 amone,
671 488 767 532 claritioa
782 489 805 532 in

79 565 115 593 me
131 551 209 593 fidem:
226 550 343 593 inflamma
357 552 478 593 caritatem.
495 551 523 593 Et
538 552 569 602 tu,
587 549 670 602 odesu,
686 550 805 605 utramque

80 611 177 666 adauge:
200 611 280 665 largire
303 611 357 654 mihi
378 611 446 654 fidem
467 611 547 664 vivam,
571 624 629 666 quae
648 614 688 654 tua
703 613 806 666 penetret

79 673 183 728 mysteria
209 674 231 714 et
255 672 361 716 veritates
387 673 496 727 degustet.
519 671 642 727 Praecipue
667 674 742 716 autem
768 685 806 715 cor

80 748 156 778 meum
173 733 259 778 ardenti
275 734 390 777 inflamma
407 735 505 787 caritate,
523 747 581 790 quae
598 734 626 778 de
637 734 805 777 omnihumano

80 796 166 849 timore,
184 796 211 838 de
228 796 288 839 omni
305 796 435 840 difficultate
451 796 577 851 triumphet,
598 798 623 838 ut
644 798 685 838 tua
706 808 806 849 premam

81 857 179 911 vestigia,
196 858 264 911 teque
280 856 303 897 in
320 857 424 899 dumibus
441 869 555 912 quaeram,
575 856 614 898 nbi
632 858 654 898 te
673 857 751 911 potero
771 855 806 899 in-

83 918 166 971 venire,
182 917 205 959 iu
221 917 274 971 ipsis
292 918 349 960 adeo
365 917 493 960 humillimis
513 920 534 960 et
557 916 710 972 abiectissimis
732 917 806 959 rebus.

352 1028 354 1030 ’
368 1024 472 1062 Punuruu
484 1024 515 1062 111.

143 1100 167 1143 ln
183 1099 256 1142 reditu
271 1100 299 1142 ad
309 1099 388 1143 urbem
398 1100 477 1142 Petrus
488 1099 581 1142 seorsim
591 1113 605 1142 a
614 1100 699 1143 Joanue
710 1101 807 1153 secessit,

83 1163 175 1204 intrans
200 1173 284 1213 secitur,
312 1161 372 1216 priori
390 1160 486 1216 fuctum
505 1161 596 1216 fluerat,
621 1174 723 1218 quaeque
746 1161 808 1218 prius

84 1223 187 1267 audierat
203 1222 326 1266 etviderat
348 1223 417 1266 modo
436 1223 459 1266 iu
479 1223 603 1279 sepulchro.
627 1223 691 1268 Talia
711 1224 809 1268 uoluenti

84 1299 160 1329 secum
177 1284 278 1329 Christus
295 1285 408 1340 apparuit:
426 1287 451 1328 ut
468 1286 569 1339 colligere
585 1285 636 1328 licet
652 1298 679 1328 ex
694 1286 808 1340 1111511110-

84 1347 193 1390 stolorum
213 1345 296 1388 verhis:
319 1346 426 1388 Surrexit
447 1346 562 1388 Dorulaus
584 1359 635 1388 aare
655 1350 674 1389 et
696 1348 809 1401 apparuit

84 1408 175 1451 Simoni
190 1406 264 1449 Petro.

146 1468 197 1511 Pari
219 1468 306 1510 feruore
329 1468 358 1510 ad
380 1467 523 1522 sepulchrum
546 1468 665 1511 currebant
687 1468 765 1511 Petrus
789 1471 811 1510 et

85 1530 194 1572 doaimes:
221 1531 320 1570 attamen
345 1527 419 1579 Petro,
444 1541 491 1570 non
516 1528 569 1569 item
594 1529 680 1579 loanni,
708 1529 812 1584 apparuit

86 1589 206 1640 Dominum
235 1590 260 1632 ut
286 1588 404 1642 discamus,
432 1587 494 1646 quod
519 1589 583 1633 certis
608 1589 631 1633 in
656 1590 811 1634 occasionibus

86 1652 182 1708 majores
198 1665 245 1694 nou
260 1665 311 1694 raro
329 1652 410 1706 gratias
427 1664 453 1693 ac
474 1652 562 1706 favores
582 1651 684 1694 exhibeat
706 1654 810 1706 peccato-

86 1712 147 1755 ribus
163 1712 261 1767 perfecte
278 1711 397 1764 conrersis,
414 1724 481 1765 quam
491 1711 677 1754 innocentissimis
688 1712 811 1763 animabus

87 1775 112 1817 ut
127 1785 208 1830 nempe
224 1772 266 1816 illis
283 1772 387 1816 solatium
404 1774 426 1816 et
442 1772 528 1816 animos
545 1772 621 1817 addat.

147 1835 200 1879 Pro!
216 1837 299 1890 quanto
312 1834 392 1879 Petrus
402 1835 489 1890 pudore
499 1834 565 1878 fuerit
575 1835 680 1888 suffusus,
697 1849 772 1879 coram
789 1849 821 1878 se

87 1897 149 1940 illum
164 1897 248 1949 videns,
266 1909 333 1952 quem
349 1898 383 1939 ter
397 1899 519 1953 negaverat
528 1896 664 1952 turpissime!
682 1897 711 1940 At
727 1899 812 1952 quanto

88 1959 170 2013 pariter
180 1958 259 2001 solatio
271 1958 370 2009 affectus
383 1958 476 2001 audiens
488 1971 514 2000 ex
527 1971 565 2000 ore
577 1957 721 2001 amantissimi
731 1958 812 2001 Serva-

88 2020 149 2071 toris,
173 2018 235 2074 quod
257 2018 313 2062 tanti
335 2018 417 2061 oblitus
436 2018 525 2061 sceleris
543 2017 626 2061 niunus
646 2019 687 2062 sihi
712 2019 813 2075 imponat

82 2081 175 2137 fl‘utres
190 2093 246 2125 suos
261 2080 284 2124 in
299 2079 344 2124 fide
361 2080 388 2125 de
405 2094 447 2124 sua
462 2080 624 2124 resurreetione
646 2082 813 2137 confirmauiat

90 2142 179 2194 Quanto
196 2143 219 2186 id
236 2142 283 2185 nelo
300 2145 322 2184 et
338 2142 425 2185 fervore
441 2143 577 2197 praestiterit
592 2155 643 2184 cum
658 2143 752 2194 loanne,
776 2143 814 2198 qui

89 2217 131 2246 ‘nee
146 2203 254 2253 invidens,
277 2216 320 2245 neo
341 2203 466 2257 indignans,
490 2203 551 2259 quod
574 2203 656 2245 eadem
675 2216 726 2246 cum
747 2203 814 2246 Petro

90 2264 160 2320 gratia
175 2263 267 2307 visionis
283 2263 325 2307 sihi
337 2278 383 2307 uon
393 2263 503 2319 obtigerit,
513 2264 605 2320 primus,
617 2266 655 2308 aut
664 2264 721 2308 inter
730 2264 814 2322 primos

90 2326 179 2383 publice
205 2325 282 2376 edixit:
308 2326 415 2370 Surrexit
439 2327 555 2370 Dominus
578 2340 629 2369 uere
653 2330 673 2370 et
700 2329 815 2383 apparuit

90 2388 187 2432 Simoni.

138 2450 227 2507 Adoro
243 2449 367 2492 mirabilem
383 2451 445 2492 tuam
462 2463 512 2492 euin
531 2450 565 2492 bis
587 2449 676 2492 duobus
701 2450 815 2504 Apostolis

92 2510 172 2565 agendi
194 2511 310 2562 rationem,
329 2523 341 2553 o
358 2510 417 2554 lesu.
435 2510 548 2554 Gouverso
565 2512 587 2553 te
603 2509 733 2553 manifestas
749 2510 815 2553 disei-

92 2572 153 2626 putu,
176 2584 222 2615 non
243 2572 296 2614 item
320 2571 428 2626 discipulo
448 2571 574 2614 innocenti>
587 2574 608 2613 et
632 2585 686 2627 prae
712 2572 816 2615 omnibus

93 2632 181 2677 dilecto.
197 2632 240 2677 Iste
257 2631 301 2676 tihi
313 2646 403 2688 semper
418 2635 465 2677 erat
480 2632 632 2680 fidelissimus:
656 2647 686 2676 eu¹
705 2633 753 2676 sola
773 2633 817 2676 hac

89 2695 163 2751 vgratia
180 2697 242 2745 tuum
254 2707 306 2749 erga
316 2707 339 2737 se
350 2707 449 2737 amorem
460 2694 549 2752 abunde
558 2693 816 2749 perspectumhabebat.
