1760 2983
364 204 530 251 ,Septuagesimae
771 203 814 249 135

90 327 217 370 tleinmatus
239 341 330 384 possem
352 331 423 372 totam
440 329 532 372 domum
547 328 679 383 religiosam,
703 327 747 370 imo
764 327 814 370 uni-

89 402 177 431 versam
187 389 308 432 Ecclesiam
319 390 388 432 odore
397 390 509 432 bonorum
520 403 612 445 operum
623 389 721 445 implere,
739 389 819 444 sieque

89 450 136 493 fieri
152 452 224 494 honus
240 452 297 494 octor
312 451 369 494 Jcsn
387 451 486 496 Clrristi!
504 451 536 508 [ll.
555 451 605 495 Gor.
623 451 643 505 2,
662 450 705 508 15.)

378 557 482 597 rnrcrntr
494 557 517 596 ll.

130 642 132 644 ’
152 634 215 676 Hanc
230 633 376 687 llagclalenae
394 633 503 675 actionem
519 632 588 675 ludas
601 632 716 675 lscariotes
731 635 815 675 temere

94 694 210 738 clanrnarit
231 694 292 737 relut
313 693 430 750 prodigam
453 707 479 737 ae
496 693 604 737 inutilem.
641 693 703 737 Alios
725 706 815 750 quoque

93 757 215 811 Apostolos
226 756 249 798 in
259 769 323 798 suam
332 756 440 811 pertraxit
455 756 594 807 sententiam,
611 756 704 810 indigne
713 756 816 810 ferentes

91 819 154 861 tinne
169 818 303 872 reinclinans
319 821 339 860 et
354 818 461 860 dicentes:
483 817 510 860 Ut
526 817 581 871 perid
594 818 695 874 perenn>
712 818 757 859 istc
772 825 815 859 nn

89 881 169 936 guenti
178 880 247 934 fecte
258 881 305 922 est?
318 882 411 934 poteret
420 880 481 921 enirn
497 883 639 933 irrignentnnr
648 879 711 921 istud
723 891 815 921 centinu-

91 941 147 983 nnn
160 942 215 994 plns
231 952 302 993 cornui
318 941 421 982 trecentis
437 940 541 982 derrantes
564 943 584 981 et
599 940 657 981 duri
664 940 816 994 palpantes.

152 1000 190 1044 Uti
200 1000 302 1056 exempla
310 1000 372 1044 bona
379 1000 447 1044 odore
455 1013 496 1043 suo
505 999 559 1043 alios
566 999 661 1054 trahunt
671 999 816 1058 acirirtntem,

92 1063 123 1106 sic
139 1076 209 1119 prava
225 1063 308 1106 sensim
327 1063 374 1106 sinc
397 1077 465 1106 sensu
486 1063 595 1106 foetorem
615 1065 637 1105 et
658 1063 817 1117 malignitatem

92 1138 156 1168 suam
177 1125 222 1168 late
245 1124 373 1181 diffundunt
397 1125 426 1168 ad
447 1125 569 1168 multorum
591 1124 718 1179 perniciem.
754 1124 818 1167 Hanc

93 1185 209 1228 exitiosam
220 1185 375 1240 contagionem
392 1198 480 1241 semper
488 1185 549 1228 uehit
565 1198 642 1229 secum
651 1179 817 1228 rrrrrrnrnnntio.

93 1244 817 1304 Unicauniussut'ficitadinficienclamcommunitatemintegram,

93 1311 144 1352 utut
160 1309 328 1353 sanctissimam.
359 1309 438 1363 Neque
453 1324 506 1352 uero
525 1310 642 1363 collegium
657 1310 819 1364 Apostolorum

94 1370 121 1412 alr
140 1370 183 1412 hac
201 1372 264 1424 peste
287 1370 328 1411 fuit
346 1369 451 1412 immune.
483 1370 610 1412 Hocliernae
632 1369 815 1412 murmurationis

95 1432 173 1471 auctor
188 1429 230 1471 fuit
242 1429 311 1472 ludas
328 1443 355 1471 ex
364 1443 434 1483 pravo
449 1429 553 1472 avaritiae
567 1430 657 1472 aflectu:
674 1429 776 1484 Apostoli
792 1442 819 1471 ex

96 1489 260 1532 inconsiderato
271 1492 293 1532 et
302 1490 437 1545 imprudenti
453 1490 500 1532 reio
516 1503 616 1537 murmur
631 1490 750 1545 prosecuti,
767 1491 820 1545 quia

98 1552 198 1594 sanctam
208 1550 353 1605 llagdclenae
363 1551 509 1595 intentionem
524 1565 570 1594 non
579 1553 746 1606 perspexerant,
762 1551 820 1593 mele
851 1594 853 1597 .

97 1612 232 1656 <latrinarum
242 1626 306 1669 opus,
318 1613 379 1670 quod
389 1613 463 1657 divino
469 1613 617 1658 honorificum
626 1613 732 1669 magistro
741 1613 820 1665 laudes

64 1721 66 1724 ,
97 1677 119 1717 et
134 1676 255 1730 praeconia
270 1676 398 1717 merehatur
415 1675 579 1730 discipulorum.

154 1735 204 1778 Hoc
228 1735 353 1791 exemplum
378 1736 498 1791 percellere
518 1738 540 1779 te
563 1735 638 1789 dehet,
658 1735 738 1779 anima
762 1748 819 1788 mea,

97 1799 244 1852 sanctumque
266 1798 312 1840 vitii
331 1798 388 1841 ecleo
411 1798 497 1841 exitiosi
518 1797 634 1841 horrorem
652 1797 693 1840 tibi
714 1796 819 1840 incutere.

97 1857 162 1901 Disce
184 1859 296 1901 neminem
315 1859 423 1914 judicare,
446 1859 529 1901 nullam
553 1860 669 1910 actionem
694 1872 752 1914 quae
767 1858 821 1900 honi

97 1919 167 1963 habet
182 1920 286 1975 speciem,
304 1920 547 1976 sinistreinterpretaii‚
564 1919 626 1964 nulla
643 1921 717 1964 autem
733 1919 821 1963 ratione

98 1994 199 2036 unquam
216 1981 243 2023 cle
261 1982 308 2023 aliis
324 1981 382 2023 male
398 1981 466 2036 loqui,
500 1981 549 2024 Hac
565 1982 612 2024 sine
629 1982 716 2024 cautela
731 1981 754 2023 in
769 1994 820 2035 per-

97 2044 166 2096 petuo
177 2041 272 2085 versaris
281 2042 380 2097 periculo
393 2042 534 2098 vituperandi
545 2042 644 2085 actiones
653 2055 745 2098 prorsus
754 2041 821 2085 laude

99 2103 822 2160 dignaslaedendifanramprolrorunnimooffendendiSpiritum

97 2164 213 2216 Sanctum
232 2165 284 2208 dum
301 2178 376 2219 opera,
394 2179 490 2219 qnorum
505 2165 554 2219 ipse
567 2167 645 2208 auctor
661 2168 695 2207 est
705 2165 821 2218 acprinci-

98 2224 167 2278 pium,
187 2226 270 2267 temere
287 2225 424 2268 condemnas
442 2227 464 2268 et
472 2226 693 2277 murmurationilms,
710 2225 821 2267 obtrecte-

102 2285 208 2338 tionibus,
226 2286 400 2330 detractionibus
413 2287 493 2331 domos
502 2287 588 2343 imples,
602 2287 640 2330 ulai
650 2286 723 2330 solum
733 2281 820 2339 caritas,

99 2361 144 2403 pax
161 2350 183 2391 et
198 2348 345 2404 tranquillitas
363 2349 470 2393 debererit
485 2362 585 2404 regnare.

156 2409 821 2468 DudummilriDomine,periculaetlaqueosclemonstrasti,

97 2468 120 2511 in
137 2483 194 2524 quos
212 2471 285 2514 anima
304 2484 328 2514 se
344 2471 422 2524 induit,
443 2473 507 2514 sueto
525 2471 594 2514 libere
612 2471 706 2514 alioruin
722 2470 821 2514 actiones

100 2543 199 2586 carpere.
233 2531 332 2587 Duplicis
352 2545 404 2587 ergo
420 2546 472 2575 reus
488 2546 538 2575 sum
558 2532 643 2588 culpae,
667 2532 729 2586 quod
744 2532 767 2574 in
782 2532 824 2575 lios

100 2591 201 2635 detectus
217 2593 257 2635 sim
274 2593 393 2648 prolapsus
411 2596 432 2636 et
451 2594 571 2648 prolapsus
586 2596 639 2649 post
655 2595 688 2635 tot
704 2594 786 2647 gratius
802 2595 824 2635 et

100 2652 265 2707 illustrationes,
278 2668 336 2711 quae
347 2655 374 2699 ala
388 2655 429 2699 illis
439 2669 475 2699 me
486 2655 599 2700 clenchant
608 2655 732 2706 retralrere;
749 2667 823 2711 neque

100 2715 157 2759 eninr
166 2715 258 2765 inticias
274 2717 305 2760 ire
315 2730 415 2773 possum
432 2731 520 2774 semper
530 2717 604 2762 animo
614 2731 665 2761 meo
677 2717 822 2761 obversatum
