1760 2983
339 232 383 275 post
398 229 475 265 Pascha.
729 233 772 279 319

46 355 253 411 1111111111111111111
277 352 346 397 furori
362 355 508 407 inimieorum,
532 370 560 398 ex
579 359 640 400 omni
655 362 719 413 parte
735 373 773 402 ine
823 374 825 376 ’

47 417 203 461 obsidentium.
225 416 302 470 Egone
322 416 383 459 solus
402 428 443 470 par
462 416 503 458 sim
524 416 615 461 ferendo
631 432 695 463 meae
711 421 772 464 intir-

10 508 12 511 <
46 479 128 522 mitatis
148 492 174 522 ao
192 477 294 521 miseriae
314 477 430 533 ponderi?
445 477 474 520 At
494 478 548 533 qnid
567 483 645 534 gemo?
666 485 697 535 tn,
718 483 771 538 qnia

46 541 113 585 Pater
135 553 204 592 mens,
231 539 304 583 solnm
329 552 365 582 me
388 541 409 582 et
432 539 558 594 orphanum
579 555 625 585 non
647 544 770 600 relinques:

48 603 173 646 desolatum
195 616 241 646 non
262 602 377 657 permittes
400 602 499 644 tristitiae
522 602 628 647 barathro
651 607 773 659 absorberi„

21 679 23 682 ⁴
48 665 101 720 qnia
117 664 244 708 consolator
260 676 333 706 mens:
355 676 402 705 non
418 663 509 706 recedes
527 678 539 707 a
555 679 598 717 me
619 667 672 721 qnia
687 668 734 710 sine
750 671 773 710 te

47 726 101 768 nilril
117 738 173 776 snm,
190 723 244 767 nihil
259 737 359 778 possum
377 724 419 767 sed
436 724 511 766 omnia
526 726 601 768 teoum
612 729 633 768 et
643 727 665 769 in
675 731 704 770 te.
720 729 774 771 Esto

47 787 113 840 igitur
130 789 221 840 semper
233 798 328 835 mecum,
347 786 463 839 protector
482 786 643 830 amantissime:
667 790 689 830 et
708 802 773 843 prae-

48 847 120 891 sentia
135 848 175 889 tna
194 848 245 889 utut
264 845 379 889 invisibilis
400 845 481 900 gaudio
501 859 537 889 me
556 847 652 903 replebit
671 849 693 893 in
714 851 774 894 omni

48 908 198 961 tribulatione,
214 908 397 964 magnanimitate
407 908 429 950 in
440 909 500 951 omni
514 922 596 964 pagna,
613 924 671 953 novo
686 925 774 969 semper

48 972 136 1015 terrore
153 971 175 1013 in
192 970 252 1014 omni
268 970 372 1014 exercitio
388 970 502 1014 rirtntnm.

313 1084 315 1086 ’
344 1080 479 1118 1111111111.
533 1079 535 1093 ³

110 1156 234 1202 Considera
244 1157 406 1213 praestantiam
416 1156 570 1213 promissionis
582 1140 609 1200 et
625 1158 776 1204 emolumenta

49 1221 72 1263 in
91 1221 125 1262 his
141 1220 212 1262 tribus
227 1220 301 1262 verbis
317 1222 432 1262 contenta:
449 1219 497 1274 Ego
514 1220 629 1262 nobiscnm
645 1233 704 1263 snm.
724 1221 776 1264 Non
838 1227 840 1231 '

51 1281 81 1325 ait
97 1280 164 1332 Dens,
182 1282 206 1323 nt
217 1280 269 1323 olim
280 1280 308 1323 ad
318 1280 419 1335 llloysen:
435 1280 505 1323 Eece!
515 1289 555 1336 ego
565 1281 657 1323 mittam
667 1283 776 1338 angetnm

18 1368 20 1370 -
49 1356 133 1394 ineam,
144 1343 184 1396 qni
190 1344 316 1397 praecedat
326 1345 346 1384 te
356 1345 376 1383 et
385 1343 499 1384 enstoeiiat
513 1343 538 1383 in
554 1343 592 1383 nia
609 1345 629 1384 et
645 1344 776 1386 intnodneat

50 1405 74 1447 in
90 1404 171 1456 ioanni,
189 1415 255 1458 qiiem
269 1404 357 1458 panant
373 1402 451 1459 (11111111.
468 1403 503 1454 23,
524 1402 579 1459 abl:
601 1403 641 1446 sed
661 1404 700 1447 ait:
720 1406 778 1448 Ecce
797 1454 798 1457 Ἰ

51 1475 90 1521 ego
112 1466 162 1520 ipse
186 1466 303 1507 nobiscnm
324 1478 389 1508 snm:
418 1477 458 1519 ego
481 1464 529 1519 ipse
550 1477 591 1507 vos
610 1465 735 1509 comitabor
754 1467 792 1509 11

52 1526 155 1570 omnibns
177 1526 223 1579 riis,
246 1540 296 1570 mea
318 1528 434 1582 protegam
456 1525 605 1582 providentia,
622 1527 776 1572 meadneam

51 1602 127 1644 marm,
151 1601 286 1643 quoeunque
305 1603 355 1631 mea
372 1589 401 1631 ad
416 1588 510 1642 imperia
519 1588 607 1630 iveritis.
624 1588 697 1631 Nolite
708 1590 776 1644 quid--

52 1663 120 1704 qnam
139 1649 217 1692 timere
233 1649 274 1691 snb
292 1648 339 1705 ejns
357 1649 426 1692 111111
436 1650 458 1690 et
466 1649 612 1703 protectione,
623 1649 688 1704 enjns
698 1652 777 1694 nolim-

51 1711 93 1753 tati
105 1724 150 1754 non
166 1715 204 1764 est,
221 1711 260 1766 qni
272 1712 348 1767 possit
362 1711 474 1754 resistere.
492 1709 561 1768 [Esth.
573 1710 608 1764 13,
619 1709 648 1768 9.]
665 1710 719 1767 Ege,
736 1726 777 1769 ego

52 1787 108 1826 snrn,
129 1773 192 1829 eujus
202 1773 327 1828 potentiam
337 1773 403 1816 toties
417 1772 465 1828 jam
481 1773 566 1827 experti
582 1774 641 1815 estis.
657 1773 777 1829 Nunquam

52 1848 102 1878 meo
118 1847 145 1877 ex
158 1836 279 1889 conspeetu
288 1847 329 1876 ros
340 1833 458 1876 dimittam:
470 1847 558 1888 semper
569 1847 606 1876 ero
617 1835 662 1876 tarn
671 1848 778 1889 praesens

53 1895 122 1945 vobis,
138 1908 163 1938 ae
173 1894 266 1947 ineram,
287 1895 341 1938 dnm
350 1894 486 1938 familiariter
496 1895 645 1938 conversabar
654 1895 777 1940 vobiscum.

113 1956 132 1999 O
155 1958 270 2012 qnantum,
294 1956 368 1999 anima
383 1970 440 2008 mea,
464 1956 567 1999 solatium
591 1958 624 1999 est
647 1970 735 2013 semper
757 1961 780 2001 et

53 2018 137 2073 ubique
152 2020 294 2074 praesentem
310 2018 375 2061 nobis
390 2018 473 2061 babere
489 2017 562 2061 Derim
581 2031 656 2061 amore
672 2018 777 2074 plenum!

53 2079 99 2124 Nee
122 2079 186 2123 adest
207 2079 272 2123 nobis
294 2079 363 2123 modo
386 2080 457 2123 solnm
481 2079 600 2132 communi,
627 2083 652 2123 nt
674 2081 779 2124 omnibns

54 2142 167 2194 creaturis,
181 2155 225 2196 pen
240 2142 431 2190 animositatem:
448 2143 486 2183 ant
502 2154 542 2194 per
552 2143 664 2197 gratiam,
681 2143 706 2183 nt
722 2141 779 2185 inest

55 2202 158 2245 omnibns
178 2202 254 2259 justis:
280 2202 323 2245 sed-
346 2202 410 2245 adest
434 2202 605 2246 necessitatibus
630 2203 712 2247 nostris
735 2216 780 2260 pen

53 2267 198 2322 singularem
214 2266 374 2321 providentiae
393 2278 484 2317 enimn,
509 2267 586 2308 nostra
611 2265 633 2308 in
660 2267 780 2310 commoda

55 2341 144 2382 semper
165 2326 225 2381 vigil:
247 2340 304 2369 neve
327 2326 485 2370 consolationis
510 2326 564 2380 qnid
587 2327 650 2377 desit,
673 2327 779 2370 continuo

55 2387 118 2430 vobis
147 2401 198 2429 vere
227 2390 250 2429 et
277 2387 366 2429 realiter
394 2389 428 2428 est
455 2399 562 2440 praesens
587 2387 610 2428 in
634 2387 779 2440 Eneharistia,

55 2449 158 2492 nostrum
174 2446 242 2491 intrat
261 2460 300 2492 eor
319 2450 341 2492 et
359 2460 399 2503 per
418 2447 517 2491 intimam
537 2447 642 2491 unionem
662 2448 781 2492 nobiseum

56 2523 125 2553 nnnm
143 2510 196 2565 qnid
213 2509 313 2552 efficitur.

118 2570 136 2613 O
149 2570 273 2615 bonitatem
282 2570 323 2615 Dei
336 2570 406 2614 nostri
419 2570 674 2626 incomprehensibilem!
690 2585 703 2614 o
717 2584 781 2615 arno-

57 2634 114 2675 rem!
132 2645 145 2675 o
163 2645 274 2676 summam
290 2633 371 2688 amoris
387 2632 440 2676 lesu
463 2645 514 2687 ergo
534 2646 575 2676 nos
595 2632 780 2686 teneritudinem!

58 2694 137 2738 Grates
149 2693 230 2749 *igituir
250 2708 268 2737 01
281 2694 341 2746 Jesm
361 2694 497 2738 inmortales
516 2694 556 2737 tibi
576 2708 618 2749 ago
637 2708 678 2749 pro
697 2694 782 2740 liberali

30 2754 31 2757 ’
59 2755 116 2799 adeo
140 2757 166 2798 et,
183 2754 301 2811 niagnifiea
322 2755 477 2812 promissione,
500 2755 526 2799 vi
544 2756 611 2813 enJ‘us
629 2769 717 2799 meeum
740 2755 782 2799 eris
