1760 2983
331 209 374 253 post
386 206 515 253 Epiphaniam.
731 200 732 203 ¹
757 207 785 250 97

62 333 86 376 iu
97 332 164 376 Patre
180 333 219 376 tuo
237 334 284 376 tam
302 332 426 388 perfectum
446 331 625 376 absolutissimae
645 332 801 388 perfectionis

64 393 177 449 exemplar
191 396 307 438 monstret.
323 394 384 436 Doce
400 408 443 445 me,
454 397 552 448 <maniae
562 393 662 436 utilitatis
674 396 696 434 et
705 393 787 446 gloriae

63 455 125 496 ferax
141 455 169 495 sit
184 454 298 509 perfectio,
316 454 345 496 ad
362 467 429 508 quam
445 466 481 495 me
497 465 572 496 rocas.
589 453 654 496 Adde
670 453 787 504 fervorem,

63 517 88 559 ut
105 528 184 568 amem,
201 528 269 571 quam
285 514 342 558 adeo
358 515 411 558 urilri
428 513 580 558 commendes:
591 515 666 568 robur,
677 516 708 566 ut,
720 528 788 570 quam

64 590 121 630 amo,
143 582 262 633 quaeram}
285 577 405 633 praecipue
431 577 586 629 constantiam,
612 578 638 620 nt
663 578 787 633 quaesitam

65 653 178 695 assequar.
749 653 751 655 '

346 776 446 827 Feria
466 777 506 838 V.

257 896 293 941 De
313 892 598 961 oratione'dominica.

373 967 432 1003 [nam.
440 970 453 1001 a,
461 969 481 1003 a)

360 1051 464 1091 ruamur
476 1052 491 1091 1.
550 1035 569 1100 ς’

127 1129 228 1174 Christus
244 1130 359 1182 Dominus,
382 1132 503 1185 postquam
523 1143 564 1172 sua
583 1130 697 1184 Apostoiis
717 1129 790 1173 officia

67 1194 89 1234 et
106 1193 176 1234 totam
192 1191 246 1246 legis
272 1191 432 1246 perfectionem
452 1192 593 1246 exposuerat,
614 1191 643 1233 ad
663 1191 791 1234 docendum

66 1252 145 1295 orandi
160 1253 254 1295 modum
272 1252 359 1295 transiit
375 1253 527 1295 necessarium
543 1252 572 1294 ad
589 1252 734 1296 obtinendam
749 1252 791 1296 Dei

66 1314 166 1369 gratiam,
183 1315 208 1357 ut
224 1328 265 1357 sno
285 1314 347 1369 fungi
368 1327 461 1357 munere
490 1316 512 1357 et
533 1314 605 1368 legem
628 1314 791 1357 sanctissimam

67 1376 155 1431 explere
177 1378 276 1431 possent.
300 1375 376 1419 Oratio
401 1377 482 1428 autem,
505 1382 573 1431 quam
591 1375 714 1430 Apostolos
731 1378 753 1419 et
768 1376 790 1419 in

46 1436 107 1492 viilis
126 1450 168 1479 nos
188 1436 271 1490 docuit,
292 1440 326 1480 est
345 1439 367 1479 et
386 1438 480 1480 uocatur
499 1438 717 1489 cataractariorum,
738 1438 791 1492 quia

49 1498 115 1553 *ejus
132 1500 210 1541 auctor
226 1499 260 1541 est
275 1497 322 1554 ipse
338 1497 447 1552 Dominus
463 1497 527 1541 iesus
550 1497 660 1542 Christus:
683 1498 706 1541 id
728 1498 791 1554 quod

65 1559 131 1603 nobis
147 1574 251 1615 magnam
267 1559 335 1615 hujus
355 1560 462 1602 orationis
482 1560 659 1603 aestimationem
679 1560 790 1615 simulque

67 1621 177 1663 fervorem
195 1621 273 1664 orandi
290 1622 357 1664 dehet
372 1621 480 1675 ingerere.
738 1672 740 1674 ,
810 1665 811 1669 ,
841 1666 843 1668 .

126 1682 188 1725 Licet
205 1684 278 1725 autem
290 1695 324 1730 ,ea
340 1682 411 1725 oratio
432 1681 538 1737 dirigatur
559 1681 587 1724 ad
602 1681 702 1725 Patrem:
721 1682 792 1725 Pater
816 1691 818 1693 ·

66 1746 149 1796 noster,
166 1745 241 1801 pptest
256 1746 332 1787 tamen
349 1757 420 1800 aeque
441 1744 470 1787 ad
489 1744 587 1799 singulas
607 1745 629 1786 et
648 1758 726 1787 omnes
745 1746 790 1787 tres

67 1805 132 1848 simui
148 1808 305 1848 sacrosanctae
318 1805 432 1848 Trinitatis
442 1818 552 1860 personas
562 1804 631 1859 dirigi.
648 1805 706 1848 Nihil
716 1807 792 1848 antem
854 1845 856 1848 ,

67 1866 149 1921 poterit
170 1866 241 1922 magis
264 1880 304 1910 seu
325 1868 426 1910 nostram
446 1865 568 1909 accendere
585 1866 734 1917 devotionem,
752 1880 792 1909 seu

68 1927 163 1969 excitare
179 1927 292 1978 fiduciam,
310 1940 378 1982 qtiam
395 1927 413 1968 si
429 1928 529 1969 nostram
540 1940 591 1969 cum
601 1927 701 1969 oratione
713 1926 793 1969 Christi

67 1987 178 2030 uniamus.
195 1987 223 2031 ut
239 2001 293 2031 sane
303 1988 337 2031 fas
348 1989 382 2031 est
392 1986 489 2039 credere,
507 1987 569 2043 quod
580 1986 680 2031 Christus
697 1987 794 2031 eandem

68 2049 191 2092 orationem
216 2051 238 2092 et
260 2050 308 2106 ipse
330 2049 455 2093 recitaverit
477 2051 499 2093 et
518 2063 572 2093 suos
587 2049 703 2094 recitando
725 2063 792 2105 prae-

67 2110 131 2154 iverit
146 2111 274 2167 disciptdos.
292 2112 363 2164 Certe,
380 2112 413 2155 uti
422 2112 487 2155 notat
497 2111 519 2155 S.
529 2111 675 2167 Augustinus,
693 2112 792 2167 quotidie

67 2172 128 2215 iilam
143 2173 223 2228 repetit
236 2186 281 2228 pcc
297 2175 362 2216 crebis
377 2175 403 2217 ut
419 2186 520 2217 summus
532 2172 641 2226 Pontifex,
658 2175 681 2216 in
694 2174 758 2216 crebis
771 2175 794 2217 et

67 2248 114 2278 una
129 2236 247 2279 nobiscum
262 2238 287 2279 ut
304 2237 378 2292 caput,
394 2235 459 2296 nohis
477 2249 522 2293 qua
540 2235 645 2279 membris
665 2235 710 2280 suis
731 2250 791 2280 com-

68 2296 185 2354 rnunicans
201 2312 279 2340 rerum
299 2299 405 2340 orationis
425 2298 536 2352 spiritum:
556 2298 663 2340 Dicimus
681 2311 734 2340 cum
752 2299 793 2340 illo

68 2359 128 2399 fratrc
149 2359 277 2400 orationem
300 2362 319 2401 ct
340 2360 379 2401 illc
400 2359 523 2401 archiacum,

130 2418 298 2463 Constituamus
314 2433 356 2463 nos
372 2418 438 2474 igitur
453 2420 550 2463 fdiormn
569 2419 645 2474 instar,
663 2432 720 2475 quos
737 2418 794 2463 diri-

68 2493 111 2523 nus
135 2481 240 2536 magister
266 2481 332 2525 docet
357 2495 427 2534 orare,
453 2482 476 2525 in
498 2483 620 2536 conspectu
640 2481 745 2524 creatoris
771 2483 794 2524 et

69 2544 120 2584 ante
140 2542 265 2585 orationem
284 2542 413 2597 cogitemus,
434 2541 495 2597 quod
516 2541 583 2585 Pater
605 2541 706 2585 coelestis
725 2542 794 2585 vehe-

68 2604 156 2654 menter
172 2602 386 2649 desideretnostras
407 2604 513 2646 exaudire
531 2615 617 2660 preces,
638 2616 664 2646 eo
685 2602 746 2659 quod
766 2601 793 2646 ab

69 2663 183 2718 unigenito
201 2663 248 2721 ejus
264 2663 319 2708 run
336 2664 423 2720 singula
438 2665 504 2708 nobis
519 2665 589 2708 verba
605 2667 751 2720 suggerantur
766 2665 796 2708 ad

68 2723 232 2781 impetrandam
248 2725 320 2770 Patris
336 2727 511 2770 misericordiam
528 2728 661 2782 opportuna.

105 2802 218 2838 Meditationcs.
238 2803 250 2831 I.
